<record><leader>00000cas a2200000 a 4500</leader><controlfield tag="001">11586921</controlfield><controlfield tag="008">850116d18921992ksuwr ne      0    0eng d</controlfield><datafield ind1=" " ind2=" " tag="010"><subfield code="a">sn 84030457 </subfield></datafield><datafield ind1=" " ind2=" " tag="040"><subfield code="a">KSH</subfield><subfield code="b">eng</subfield><subfield code="c">KSH</subfield><subfield code="d">NPT</subfield><subfield code="d">NSD</subfield><subfield code="d">OCL</subfield><subfield code="d">OCLCQ</subfield></datafield><datafield ind1=" " ind2=" " tag="042"><subfield code="a">msc</subfield></datafield><datafield ind1="0" ind2=" " tag="130"><subfield code="a">Halstead independent (Halstead, Kan. : 1892)</subfield></datafield><datafield ind1="1" ind2="0" tag="245"><subfield code="a">Halstead independent.</subfield></datafield><datafield ind1=" " ind2=" " tag="260"><subfield code="a">Halstead, Kan. :</subfield><subfield code="b">E.J. Bookwalter,</subfield><subfield code="c">1892-</subfield></datafield><datafield ind1=" " ind2=" " tag="300"><subfield code="a">v. :</subfield><subfield code="b">ill. ;</subfield><subfield code="c">43-62 cm.</subfield></datafield><datafield ind1="0" ind2=" " tag="362"><subfield code="a">Vol. 12, no. 24 (Oct. 7, 1892)-</subfield></datafield><datafield ind1="1" ind2=" " tag="362"><subfield code="a">Ceased in Aug. 1992.</subfield></datafield><datafield ind1=" " ind2=" " tag="500"><subfield code="a">Publisher varies.</subfield></datafield><datafield ind1=" " ind2=" " tag="525"><subfield code="a">Supplements included.</subfield></datafield><datafield ind1=" " ind2=" " tag="580"><subfield code="a">Merged with: Burrton graphic (Burrton, Kan. : 1893); and: Sedgewick pantagraph (Sedgewick, Kan. : 1947); to form: Harvey County independent.</subfield></datafield><datafield ind1=" " ind2=" " tag="752"><subfield code="a">United States</subfield><subfield code="b">Kansas</subfield><subfield code="c">Harvey</subfield><subfield code="d">Halstead.</subfield></datafield><datafield ind1="0" ind2="0" tag="780"><subfield code="t">Halstead independent tribune</subfield><subfield code="w">(DLC)sn 84030459</subfield></datafield><datafield ind1="1" ind2="7" tag="785"><subfield code="t">Burrton graphic (Burrton, Kan. : 1893)</subfield><subfield code="w">(DLC)sn 84030444</subfield><subfield code="w">(OCoLC)11566471</subfield></datafield><datafield ind1="1" ind2="7" tag="785"><subfield code="t">Sedgewick pantagraph (Sedgewick, Kan. : 1947)</subfield><subfield code="w">(DLC)sn 84030464</subfield><subfield code="w">(OCoLC)11633540</subfield></datafield><datafield ind1="1" ind2="7" tag="785"><subfield code="t">Harvey County independent</subfield><subfield code="x">1065-3740</subfield><subfield code="w">(DLC)sn 92006195</subfield><subfield code="w">(OCoLC)26595849</subfield></datafield></record>